@article{douglas2001,
    author = {Smith, Douglas and Tans, Sander and Smith, Steven and Grimes, Shelley and Anderson, Dwight and Bustamante, Carlos},
    year = {2001},
    month = {11},
    pages = {748-52},
    title = {The bacteriophage $\phi$29 portal motor can package DNA against a large internal force},
    volume = {413},
    journal = {Nature},
    doi = {10.1038/35099581}
}

@article{tao1998,
    title = {Assembly of a Tailed Bacterial Virus and Its Genome Release Studied in Three Dimensions},
    journal = {Cell},
    volume = {95},
    number = {3},
    pages = {431-437},
    year = {1998},
    issn = {0092-8674},
    doi = {https://doi.org/10.1016/S0092-8674(00)81773-0},
    url = {https://www.sciencedirect.com/science/article/pii/S0092867400817730},
    author = {Yizhi Tao and Norman H Olson and Wei Xu and Dwight L Anderson and Michael G Rossmann and Timothy S Baker}
}

@article{phillips2005,
    author = {Prashant K. Purohit and  Mandar M. Inamdar and Paul D. Grayson and Todd M. Squires and Jané Kondev and Rob Phillips},
    year = {2005},
    month = {02},
    journal = {Biophysical Journal},
    pages = {851-866},
    volume = {88(2)}
}

@article{smith2001,
    author = {Smith, D. and Tans, S. and Smith, S. et al},
    title = {The bacteriophage φ29 portal motor can package DNA against a large internal force},
    journal = {Nature},
    year = {2001},
    month = {03},
    volume = {413},
    pages = {748–752},
    doi = {https://doi.org/10.1038/35099581}
}

@article{earnshaw1977,
    author = {Earnshaw, W. C. and Harrison, S. C.},
    title = {DNA arrangement in isometric phage heads},
    journal = {Nature},
    year = {1977},
    month = {08},
    pages = {598–602},
    volume = {268},
    doi = {https://doi.org/10.1038/268598a0}
}

@article{casjen2011,
	author = {Casjens, Sherwood R. },
	date = {2011/09/01},
	date-added = {2023-11-22 21:54:45 +0100},
	date-modified = {2023-11-22 21:54:45 +0100},
	doi = {10.1038/nrmicro2632},
	id = {Casjens2011},
	isbn = {1740-1534},
	journal = {Nature Reviews Microbiology},
	number = {9},
	pages = {647--657},
	title = {The DNA-packaging nanomotor of tailed bacteriophages},
	url = {https://doi.org/10.1038/nrmicro2632},
	volume = {9},
	year = {2011},
	bdsk-url-1 = {https://doi.org/10.1038/nrmicro2632}
}

@article{purohit2003,
    author = {Prashant K. Purohit and Jane Kondev and Rob Phillips},
    title = {Mechanics of DNA packaging in viruses},
    journal = {Proceding of the nationla academy of sciences USA},
    month = {March},
    volume = {18},
    pages = {3173-8},
    doi = {10.1073/pnas.0737893100},
    year =  {2003}
}

@article{rau1992,
        title = {Direct measurement of the intermolecular forces between counterion-condensed DNA double helices. Evidence for long range attractive hydration forces},
    journal = {Biophysical Journal},
    volume = {61},
    number = {1},
    pages = {246-259},
    year = {1992},
    issn = {0006-3495},
    doi = {https://doi.org/10.1016/S0006-3495(92)81831-3},
    url = {https://www.sciencedirect.com/science/article/pii/S0006349592818313},
    author = {D.C. Rau and V.A. Parsegian}
}