@book{NR2006,
    author = {Teukolsky, Press, Flannery, Vertterling},
    title = {Numerical reciepes in C++, third ed.},
    publisher = {Cambridge},
    year = {2007}
}

@article{Mehta2019,
   title={A high-bias, low-variance introduction to Machine Learning for physicists},
   volume={810},
   ISSN={0370-1573},
   url={http://dx.doi.org/10.1016/j.physrep.2019.03.001},
   DOI={10.1016/j.physrep.2019.03.001},
   journal={Physics Reports},
   publisher={Elsevier BV},
   author={Mehta, Pankaj and Bukov, Marin and Wang, Ching-Hao and Day, Alexandre G.R. and Richardson, Clint and Fisher, Charles K. and Schwab, David J.},
   year={2019},
   month=may, pages={1–124}
}

@article{Decelle2018,
   title={Thermodynamics of Restricted Boltzmann Machines and Related Learning Dynamics},
   volume={172},
   ISSN={1572-9613},
   url={http://dx.doi.org/10.1007/s10955-018-2105-y},
   DOI={10.1007/s10955-018-2105-y},
   number={6},
   journal={Journal of Statistical Physics},
   publisher={Springer Science and Business Media LLC},
   author={Decelle, A. and Fissore, G. and Furtlehner, C.},
   year={2018},
   month=jul, pages={1576–1608}
}

@misc{Agoritsas2023,
      title={Explaining the effects of non-convergent sampling in the training of Energy-Based Models}, 
      author={Elisabeth Agoritsas and Giovanni Catania and Aurélien Decelle and Beatriz Seoane},
      year={2023},
      eprint={2301.09428},
      archivePrefix={arXiv},
      primaryClass={cs.LG}
}

@article{Decelle2022,
   title={Equilibrium and non-equilibrium regimes in the learning of restricted Boltzmann machines*},
   volume={2022},
   ISSN={1742-5468},
   url={http://dx.doi.org/10.1088/1742-5468/ac98a7},
   DOI={10.1088/1742-5468/ac98a7},
   number={11},
   journal={Journal of Statistical Mechanics: Theory and Experiment},
   publisher={IOP Publishing},
   author={Decelle, Aurélien and Furtlehner, Cyril and Seoane, Beatriz},
   year={2022},
   month=nov, pages={114009}
}